@inproceedings{alcala2021statistical,
  author    = {L칩pez-C치rdenas, Patricia G. and Alcal치, Emmanuel and S치nchez-Torres, Juan Diego and Araujo, Elsie},
  booktitle = {2021 18th International Conference on Electrical Engineering, Computing Science and Automatic Control (CCE)},
  title     = {A Resampling Approach for the Data-Based Optimization of Nanosensors},
  year      = {2021},
  volume    = {},
  number    = {},
  pages     = {1-4},
  doi       = {10.1109/CCE53527.2021.9633114}
}

@book{geron2019hands,
  title     = {Hands-on machine learning with Scikit-Learn, Keras, and TensorFlow: Concepts, tools, and techniques to build intelligent systems},
  author    = {G{\'e}ron, Aur{\'e}lien},
  year      = {2019},
  publisher = {O'Reilly Media}
}